4080 5440
1881 344 467 209 Prologue

834 1972 435 113 M

1269 1718 802 172 es tres gracieuſes dames

1278 1863 739 109 toutes et quantes fois

1246 1926 816 150 que ie regarde en pẽſant

852 2030 1215 100 auec moy, cõment uous eſtes natu-

870 2108 1151 99 relment et doulces et piteuſes,

834 2162 1196 136 de tant ie cognois plus cleremẽt

861 2262 1174 108 que ceſtui preſent liure ſelon ur̃e

843 2339 1169 127 iugement aura cõmencement

874 2434 1138 100 grief et labourieux, Ceſt aſſauoir

861 2497 1183 114 du doulereux recors de la peſti-

865 2579 1179 122 lence mortalite deirenierement

861 2670 1183 145 paſſee, qui fu moult dõmageuſe

874 2738 1184 149 et plourable a chaſcun qui la uit

870 2842 1201 154 deuant ſon front et qui aut'mẽt

888 2937 1161 109 en a eu cognoiſſance
¶ Ie ne

874 3019 1175 113 uueil pas touteſuoies que lire ou

852 3114 1178 113 recorder en oultre les dõmages

888 3182 1156 122 et les pleurs de celle mortalite

893 3254 1174 123 uous eſbahiſſe ne deſcouraige, aĩſi

906 3350 1161 108 cõme ſe en liſant ceſtui prologue

897 3422 1084 118 uous deuſſies touſiours paſſer

893 3504 1160 109 temps en ſouſpirs et en larmes ;

870 3576 1197 127 Le cõmencement de ceſte premi'e

893 3653 1110 136 iournee uous ſera ainſi cõme eſt

893 3753 1192 95 aux chemineurs une aſpre et dan-

911 3821 1178 127 gereuſe montaigne, empres laq̃le

897 3907 1192 127 eſt une treſgracieuſe plaigne qui

915 3989 1147 208 eſt plus plaiſant, ⁊ plꝰ delectable

2221 544 1224 185 de tant cõme la deſcendue et la montee

2234 707 1161 145 ont eſte plus dangereuſes, ⁊ penibles

2239 775 1206 118 ¶ Et ainſi cõme les leeſtes mondai

2244 856 1128 136 nes se finiſſent en plours, auſſi les

2234 947 1188 127 miſeres des hõmes ont leurs fins en

2244 1042 1165 118 ioie qui ſuruient · Et pareillemẽt

2239 1133 1183 109 il auendra de ceſte peine et douleur

2244 1219 1160 109 qui eſt brieue et comprinſe en pou

2230 1282 1188 132 deſcripture · Car apres sen enſuiura

2239 1378 1138 122 une doulceur plaisant, laquele ie

2248 1459 1179 118 uous ay promiſe auant temps, Et

2248 1545 1183 127 ſe par auenture ie uous euſſe dites

2248 1632 1174 113 ces choſes des le cõmencement uoꝰ

2248 1718 1152 99 ne attendries pas que ie les uous

2248 1790 1156 118 deuſſe dire ¶ Et certes
ſe ie uous

2253 1872 1133 122 euſſe peu honneſtement conduire

2248 1944 1183 118 par ſentier autre que ceſtui qui eſt

2248 2040 1201 117 ſi aſpre et rude ie leuſſe uoulentiers

2248 2117 1201 122 fait, mais pour ce que len ne peuſt

2239 2207 1192 109 monſtrer quele euſt eſte la cauſe ·

2253 2280 1169 136 pourquoy les cent nouuelles qui cy

2262 2366 1165 113 apres ſeront leues auindrent,
ſans

2248 2434 1120 127 recorder la peſtilence de la grant

2262 2534 1156 108 mortalite preſente, pour tant ie

2262 2615 1183 114 cõme conſtraint par necceſſite
ſuis

2251 2712 1225 85 ramenez a tant que ie die les dou-

2262 2794 1211 93 leurs et dõmages de celle mortali-

2262 2865 1124 108 te qui donna cauſe deſcripre ce

2258 2938 1135 103 liure de cent nouuelles ¶ Sy

2253 3010 1174 118 dy que apres la fructueuſe ⁊ ſaĩte

2262 3091 1138 132 incarnation du filz de dieu mil

2262 3159 1156 132 trois cens xlviii· auint la crueuſe

2253 3250 1156 136 peſtilence de la grant mortalite

2266 3336 1129 113 en la noble cite de florence, plus

2266 3413 1102 123 que en autre quelconque cite de

2271 3495 1169 122 ytalie · Et auint ou
ꝑ louuraige

2266 3572 1143 131 du ciel et des planetes, ou par

2280 3640 1160 131 louuraige de nous hõmes pechẽs,

2284 3753 1116 113 Car en ceſte mortalite pour nr̃e

2280 3830 1192 123 correction et amendement le iuſte

2284 3916 1143 109 courroux de dieu fu enuoiez ſur

2280 3993 1178 168 les hõmes mortelz par aucũs ans

426 2933 380 140 q̃ ioie ꝓcede

439 3028 336 168 dennuy
·

3508 2919 209 104 · de la

3536 2992 217 134 peſtilẽce
