4080 5440
1622 340 418 222 Proheme

616 512 1152 204 auant que a florence, Et cõmenca

598 680 1129 131 ceſte mortalite es pays orientelz

607 761 1138 145 Et illec ſans nombre moururent

602 856 1102 114 hõmes et beſtes · Et ſans ceſſer

607 942 1124 105 la peſtilence ſe continua de lieu

612 1015 1110 118 en autre miſerablement uers

602 1101 1166 109 occident ¶ Et pour ce que au

593 1169 1165 118 remede de ceſte peſtilence riens

612 1269 1183 109 ne ualoit aucune ſageſce ne pour

607 1337 1142 122 ueance humaine touteſuoies
ꝑ

602 1428 1202 122 les aduis de aucuns ſages hõmes

598 1505 1183 117 de la cite de florence fu nettoiee

612 1600 1174 122 de pluſeurs ordures et puantiẜ

589 1672 1151 109 par aucuns officiers a ce faire

607 1749 1170 132 cõmis, defenſe fu fc̃e a tous malades

612 1849 1101 104 quilz nentraſſent dedens la

625 1935 1070 100 cite, et mains autres conſeilz

607 1990 1151 122 furent quis et donnez a la con-

621 2080 1124 132 ſeruation de la ſante humaine

616 2171 1156 109 ¶ Et de par le clergie, ⁊ aut's

612 2239 1187 118 deuotes perſonnes furent faites

630 2334 1138 109 humbles prieres oroiſons et iu-

630 2411 1119 114 nes, non mie par une fois mais

584 2493 1156 122 par pluſeurs, en pourceſſion or-

598 2565 1206 132 donnees et en maintes autres ma-

612 2652 1187 113 nieres, ainſi cõme ou cõmencemẽt

607 2733 1206 136 de printemps lan deſſus dit, qñt

621 2810 1101 127 la peſtilence plus que deuant

607 2896 1174 127 horrible cõmenca monſtrer dou-

616 2978 1088 127 lereux effects par maniere de

616 3050 1156 132 miracle, non pas ainſi cõme elle

621 3150 1151 109 auoit fait ou pays dorient, ou-

612 3227 1178 136 quel eſtoit ung ſigne euidant

612 3322 1160 105 de mort ineſchapable, quant au

630 3413 1124 109 cun hõme rendoit ſang par le

625 3481 1133 127 nez
· Mais ou pays de florence

625 3572 1147 109 au cõmencement de la morta-

616 3640 1183 131 lite ſemblablement naiſſoient

602 3735 1161 118 pres des cuiſſes ou deſſoubz les

607 3808 1138 117 aiſſelles tant dõmes cõme de

612 3885 1165 127 femmes aucunes enfleures qui

616 3962 1120 176 croiſſoient a maniere de une

1958 507 1165 209 cõmune põme, et les aucunes

1985 661 1156 150 a maniere dun euf ſelon le plꝰ

1985 761 1111 127 et le moins, et teles enfleures

1981 843 1165 109 ſe appellent glandes
· Et com-

1985 911 1106 140 menca naiſtre et uenir ceſte

1990 992 1160 145 mortele enfleure es cuiſſes et

1985 1088 1124 131 es aiſſelles, mais apres ſans

1962 1156 1147 149 diference elle naſquit et uint en

1981 1260 1128 113 chaſcune part du corps
¶

1972 1337 1146 122 Ceſte maniere de boce apres ſe

1985 1405 1206 136 mua en autre eſpece, ceſt aſſauoir

1985 1491 1111 131 en taches noires ou bleues qui

1985 1600 1115 113 appariſſoient ou en bras ou en

1990 1668 1169 140 cuiſſes, et en chaſcune autre
ꝑtie

1972 1763 1151 122 du corps de maintes perſsonnes

1958 1854 1106 108 , mais ces taches eſtoient en lun

1985 1922 1084 131 grandes, et en lautre petites et

1985 2012 1079 118 eſpeſſes, et en lautre petites et

1972 2080 1128 141 delies
· Et ainſi cõme premie-

1985 2194 1061 108 rement la glande auoir eſte

1990 2257 1124 118 et encores eſtoit treſcertain iu-

1985 2334 1106 145 gement de mort future, auſſi

1985 2438 1111 109 eſtoient celles taches en chaſcũ

1990 2506 1083 109 corps ou elles appariſſoient
· Et

1994 2602 1106 113 la guerriſon de la maladie de

1985 2683 1138 105 ces taches conſeil de medecin ne

1990 2756 1128 118 uertu daucune medicine ne po-

1985 2846 1138 114 uoit prouffiter ne ualoir, Mais

1985 2933 1133 113 ou la nature de ceſte maladie

1990 2992 1174 122 neſtoit pas curable par remedes,

1994 3078 1170 118 ou lignorance des medicins dont

1999 3173 1156 113 le nombre eſt plus grant que la

1985 3245 1102 123 ſcience, eſtoit uenue lors atant

1976 3318 1147 131 que la plus grant partie dõmes

1994 3404 1097 109 et fẽmes dedens le tiers iour

1994 3495 1102 113 apres lappariſſance des ſignes

1976 3549 1210 141 deſſus dc̃es mouroient, ſans auc̃nes

1967 3644 1201 114 fieures et ſans autre accident, les

1981 3735 1147 109 ungs plus toſt et les autres plus

1981 3798 1174 118 tart ſans cognoiſtre la naiſſance

1985 3894 1106 113 de la maladie, et par ainſi ſans

1976 3966 1156 191 y mettre remede conuenable
· En

3468 217 96 154 3
