4080 5440
2080 362 381 209 Prologue

1006 571 1079 195 tant que non pas pou dõmes et

1006 720 1165 127 fẽmes gueriſſoient, mais preſques

1010 816 1088 108 tous mouroient dedens le tiers

1006 888 1165 132 iour cõme dit eſt ¶ Et ceſte peſ-

1020 979 1128 113 tilence fu la plus grant et plus

1029 1060 1110 114 aigre, car les enteſchies de ceſte

1029 1142 1106 113 epidemie par la cõmunication

1024 1210 1115 127 de gens haities et ſaines auec

1033 1301 1097 117 les malades ſe treſgetoit dun

1047 1412 1106 97 en autre, ainſi cõme fait le feu

1051 1464 1106 131 qui ſe hape et ahert aux choſes

1033 1527 1174 136 prouchaines et uoiſsines qui ſont

1047 1613 1106 123 ſeches et craſſes · Et encores ot

1060 1677 1170 140 ceſte peſtilence plus de maligni-

1060 1781 1165 113 te, car non pas ſeulement parler

1056 1858 1120 118 conuerſer auec les malades

1060 1944 1165 109 enteſchoit de maladie les hõmes

1060 2026 1138 109 haities et ſains ou donnoit occa-

1060 2108 1147 136 ſion de cõmune mort, mais meſ-

1065 2176 1092 122 mement touchier leurs draps

1065 2253 1120 127 ou robes ou autres quelconque

1074 2348 1097 100 choſe touchee aux malades ou

1074 2398 1179 149 dont ils euſſent uſe tranſportoit

1074 2497 1097 114 celle maladie es corps sains et

1083 2570 1061 131 haities · Et une choſe ie doy

1078 2642 1120 136 dire merueilleuſe a oyr, laq̃le

1088 2729 1065 117 ſe elle neuſt eſte ueue de mes

1088 2819 1056 127 yeulx et de mains autres a

1069 2887 1125 141 paines ie loſeroie croire, nõ mie

1101 2978 1093 127 ſeulement ie loſaſſe eſcripre ·

1101 3064 1084 113 Ia ſoit ce que ie leuſſe oy dire

1106 3141 1070 113 a quelconque perſonne tant

1110 3209 1070 123 feuſt digne de ſoy, ſi dy que

1115 3295 1074 118 la qualite et nature de ceſte

1124 3354 1151 145 epidimie fu de ſi grant efficace

1133 3458 1061 114 et de tele uertu, que non pas

1128 3522 1102 154 ſeulement elle ſe tranſportoit

1128 3626 1106 123 dun homme en autre homme ·

1128 3685 1129 127 mais len uit pluſeurs fois que

1137 3776 1066 131 aucune choſe qui auoit eſte

1146 3862 1084 127 daucun homme malade ou

1146 3934 1075 136 mort de celle maladie, que ſi

1137 4002 1129 214 toſt que celle choſe eſtoit touchee

2357 530 1169 227 daucune beſte elle eſtoit non pas

2370 689 1197 158 ſeulement contaminee et infecte

2370 788 1156 145 de tele maladie, mais elle dedens

2380 870 1151 122 treſbrief temps mouroit ¶ De

2384 952 1138 136 ceſte choſe merueilleuſe entre les

2384 1020 1188 149 autres fois ie prins ung iour une

2384 1119 1188 127 tele experience, car en une rue com

2384 1196 1138 132 mune eſtoient gettees les pieces

2370 1255 1175 159 de la robe dun poure hõme mort

2384 1355 1152 136 de celle epidimie, et a ces pieces

2393 1437 1111 131 uindrent deux pourceaulx qui

2398 1527 1110 109 ſelon leur couſtume flairirent

2402 1600 1165 131 et bouterent leurs dens es pie-

2402 1686 1156 118 ces de celle robe, en les boutant ⁊

2380 1754 1174 140 reboutant uers leurs muſeaux,

2402 1858 1084 109 et a pres pou de temps quilz

2407 1935 1147 109 orent tournoie ilz cheirent mors

2402 2012 1111 132 ſur celles robes, ainſi cõme ſe ilz

2402 2080 1120 136 euſſent illec prins ou uenin ou

2407 2157 1101 141 poyſons · De ceſtes choſes et de

3572 2103 313 186 remedes

2398 2239 1106 127 pluſeurs autres ſemblables et

3608 2221 299 222 depidemie

2402 2330 1183 136 plus grans ſuruindrent diuer-

2407 2402 1110 118 ſes paours et ymaginations ou

2393 2466 1211 131 remenant des hommes ſuruiuãs

2411 2561 1188 131 Et preſques tous tendoient en une

2416 2638 1169 140 aſſez cruele fin de refuſer ⁊ fuir

2420 2715 1161 136 les malades et leurs choſes · Et en

2420 2806 1174 131 ainsi faiſant chaſcun cuidoit gai-

2420 2883 1138 140 gnier ſante et gueriſon ¶ Auſſi

2420 2969 1120 131 cuidoient aucuns que lors uiure

2425 3037 1133 122 ſobrement et ſoy garder de toute

2429 3114 1134 140 ſuperfluite deuſt moult reſiſter

2438 3186 1129 132 a celle maladie · Ceulx auſſi qui

2434 3264 1133 140 enſemble uiuoient acompaignies

2434 3341 1147 145 ſans conuerſer auec autres, et qui

2438 3409 1161 154 ſe enſerroient en hoſtelz ou aucun

2438 3499 1152 145 malade nauoit encores habite, et

2443 3581 1142 136 qui uiuoient de plus cõuenables

2434 3658 1138 150 et delicieuſes uiandes, et qui at-

2443 3753 1111 118 trempeement uſoient de treſbon

2443 3830 1088 141 uin, en fuiant delit charnel et

2452 3903 1102 131 compaignie de fẽme, et qui refu-

2438 3962 1147 226 ſoient parler a tous eſtranges, et
