4080 5440
1618 330 480 200 Preambule

589 494 1083 235 qui demouroient hors de leurs

584 684 1125 132 propres lieux, et qui ne ouoient

584 770 1125 123 nouvelles de mors ne de mala-

584 861 1125 118 des, et qui uſoient de melodieux

593 952 1116 104 ſons de diuers inſtrumens

589 1024 1120 132 de muſique, et de tous autres

571 1092 1219 145 plaiſirs que ilz pouoient auoir ·

562 1196 1151 109 Ilz penſoient reſiſter a celle

598 1278 1160 118 epidimie ¶ Mais autres gẽs

593 1369 1143 104 eſtoient de contraire oppinion

602 1450 1206 132 qui affermoient que aſſez mẽgier

607 1514 1093 131 et boire eſbatre leeſchier, aler

593 1604 1147 109 puis ca puis la en chantant ·

602 1695 1120 122 ſoy ſoulachier et obeir a lappetit

607 1777 1129 122 en toute choſe poſſible, et rire de

584 1858 1165 123 tous cas ſuruenans, ou non cha-

602 1940 1152 127 loir des choſes, ceſtoit tres c'taine

602 2021 1134 123 medicine a ſi grant epidimie ·

612 2089 1151 123 Et ainſi cõme ces gens diſoient

612 2185 1078 108 auſſi faiſoient ilz ſelon leur

593 2244 1147 149 pouoir jour et nuit, en alant

607 2348 1183 113 et en uenant maintenant en une

607 2429 1165 132 tauerne, maintenant en une aut'

607 2520 1120 136 ſans compte et ſans meſure · Et

607 2602 1183 127 ceſtechoſe ilz faiſoient moult plꝰ

616 2701 1165 105 en hoſtelz eſtranges que en leurs

602 2765 1138 149 propres, a fin ſeulement quilz

612 2865 1187 154 ſentiſſent aucune choſe qui leur

607 2946 1142 145 pleuſt ¶ Et ceſte choſe ilz po-

625 3037 1120 127 uoient legierement faire, car

625 3109 1115 136 chaſcun auoit delaiſſie ſoy et

625 3191 1147 141 ſes choſes cõme ſil ne deuſt plꝰ

625 3286 1084 118 uiure · Et par ce les maiſons

621 3381 1110 114 eſtoient pour la plus grant

602 3463 1107 122 ꝑtie deuenues cõmunes, car

616 3554 1120 113 ung eſtrangier uſoit des mai-

612 3622 1119 145 ſons cõme le ſeigneur meſme,

621 3721 1142 118 mais quil y ueniſt et en beſtial

575 3803 1197 122 propos les hõmes haities ⁊ ſains

612 3898 1156 114 defuyrent les malades tant qͥlz

598 3980 1179 154 peurent · En la grant affliction

1958 494 1120 226 et miſere de florence ñre cite la

1931 643 1265 154 reuerent auctorite des loix diuineᷤ

1953 748 1161 136 et humaines eſtoit cõme toute

1940 847 1156 136 diſſolute et froiſſee, par ce que

1958 915 1160 136 les miniſtres et executeurs des

1962 1001 1138 136 loix eſtoient cõme les autres ou

1967 1088 1133 131 mors ou malades ou deſtitituez

1958 1178 1215 127 dofficiers et ſergens, ou les officiers

1967 1269 1201 113 ne pouoient pour maladie excercer

1967 1337 1156 127 aucuns offices, parquoy chaſcun

1958 1409 1179 136 pouoit faire tout ce quil plaiſoit

2017 1500 1111 136 ¶ Mais pluſeurs autres oultre

1976 1591 1161 122 ces deux manieres de uiure gar-

1967 1681 1197 123 doient une moyenne uie, en non ſoy

1972 1749 1196 123 abſtinant de uiandes cõme les pre-

1985 1845 1147 131 miers, ne en autres diſſolutions

1972 1917 1146 141 de boire, ou ſoy delictant cõme les

1976 2003 1156 127 ſeconds, mais ces autres uſoient

1972 2076 1192 140 de uiandes et de uins a ſouffiſãce

1976 2157 1170 127 et ſelon appetis naturelz, ſans ſoy

1976 2253 1210 113 enclorre ilz aloient de lieu en aut'

1976 2339 1179 127 les aucuns portans en le's mains

1972 2420 1183 141 florettes oudorans, et les autres

1972 2516 1224 126 portoient herbes, et les autres con-

1972 2593 1192 140 fectures deſpices quilz mettoient

1972 2674 1224 123 a leurs nez, et les odoroient ſouuẽt

1962 2769 1179 141 penſans eſtre choſe prouffitable

1976 2842 1161 140 et treſbonne a conforter le ceruel

1972 2933 1183 127 de telz odeurs, pour ce eſpecialmẽt

1985 3019 1147 122 que tout lair ſembloit eſtre en-

1985 3096 1152 145 groiſis et puant, pour la puante'

1972 3196 1174 113 des charoignes et des malades et

1981 3282 1137 118 des medicines diverſes ¶ Les

1985 3363 1120 123 aucuns en ce temps eſtoient de

1981 3445 1174 140 plus cruel iugement, ia ſoit par

1985 3526 1138 132 auenture quil feuſt plus ſeur,

1985 3594 1201 146 diſans que contre tempeſte aucũe

1990 3703 1187 123 autre medicine neſt meilleur ne

1990 3767 1196 127 ſi bonne cõme de fuir toꝰ malades ·

1990 3857 1233 123 Et par ceſtui argument les hõmes

1981 3939 1187 199 et fẽmes eſtoient meuz de non
