4080 5440
2098 276 368 249 Proheme

970 503 1228 226 chaloir fors deulx meſmes· Et tant

992 680 1215 126 auint que pluſeurs ſe deſcoururẽt

988 752 1147 141 en lieux eſtranges, en penſant

988 861 1151 109 que le courroux de dieu qui par

997 929 1188 127 celle peſtilence deuoit punir lini-

997 1029 1206 127 quite des hom̃es ne procederoient

983 1110 1183 109 es lieux ou ilz ſeroient trouuez,

997 1192 1183 122 mais que dieux ſeulement oppri-

992 1278 1206 122 meroit ceulx qui ſeroient trouuez

979 1355 1219 127 dedens les murs de florence, ainſi

988 1441 1188 136 cõme ſilz penſaſſent que aucũ ne

979 1541 1215 113 deuſt demourer dedens les murs

983 1627 1156 127 de la cite, cõme ſe la fin de leur

997 1695 1174 150 eage feuſt uenue ¶ Et combñ

1006 1808 1206 127 que ceulx qui tant auoient uaine

1010 1885 1188 127 oppinion ne mouriſſent pas tous,

1001 1976 1193 132 touteſuoies tous ne eſchapperent

1010 2067 1166 136 mie· Car les aucuns entre tous

992 2171 1220 141 lors deuenus malades en toꝰ lieux

1001 2257 1197 145 combien que par auant feuſſent

1006 2352 1188 136 ſains, touteſuoies pour ce que ilz

1010 2448 1093 117 auoient donne exemple aux

1006 2516 1210 145 autres ilz languiſſoient malades

1010 2602 1152 136 et delaiſſies du tout· Et ia ne

992 2701 1211 136 fault dire que ung citoyen refu-

1010 2788 1143 136 ſoit et fuioct lautre, cõme ſe lun

1010 2874 1220 118 neuſt cure de lautre· Et les parẽs

1006 2955 1170 127 pou ou neant ne ſemonnoient

1020 3046 1178 113 en mengiers lun lautre ne uiſi-

1020 3128 1083 131 toient
¶ Et ſi grant paour

1024 3209 1138 132 eſtoit entree dedens les cuers

1010 3300 1193 136 des hõmes, que le frere
⁊ la ſuer

1020 3381 1169 123 laiſſoient leurs propres freres,

1020 3458 1165 136 et loncle le nepueu, et ſouuent

1020 3563 1201 113 la fẽme ſon mary, et les peres et

1020 3635 1187 127 meres leurs enfans qui eſt choſe

979 3712 1265 141 incredible· Et ainſi cõme ſe ilz ne

1029 3817 1178 117 les euſſent onques engendrez ilz

1024 3880 1174 122 ne les uouloient ſeruir ne uiſiter,

1006 3948 1242 181 parquoy ceulx qui auoient engendre

2361 489 1161 222 treſgrant multitude de filz
⁊ filles

2366 670 1142 141 nauoient autre remede ne confort

2366 748 1183 145 fors que en la charite de leurs amis

2375 843 1170 131 acquis qui eſtoient en petit nõbres·

2370 933 1197 127 Car les aucuns pour grans ſalaires

2384 1024 1179 118 et exceſſifs ſeruuoient aux malades

2380 1101 1119 132 par auarice, combien que de ceulx

2389 1187 1169 118 cy pou fuſſent ſuruiuans· Et auec

2384 1273 1170 132 ce les hõmes et fẽmes ſeruans eſ-

2384 1360 1133 140 toient de ſi gros et rude engin et

2384 1446 1124 140 ſi mal enſeignies en ſeruices de

2393 1527 1138 136 malades quilz leur adminiſtroiẽt

2389 1622 1183 123 ſeulement les choſes quilz deman-

2389 1713 1124 127 doient, ou ilz les gardoient ma-

2375 1790 1224 141 lades iusques a temps quilz mou-

2384 1872 1192 158 ruſſent ¶ Et ſouuent auenoit

2389 1981 1074 117 que ces ſeruans perdoient eulx

2398 2044 1092 132 meſmes et leurs ſalaires· Et

2384 2144 1138 140 pour ce que les malades eſtoiẽt

2389 2225 1083 136 delaiſſies de leurs uoiſins et

2389 2302 1074 155 parens et amis, et auoient

2393 2384 1115 154 diſette de ſeruiteurs, il auint

2398 2506 1110 132 un uſage qui preſques par

2407 2579 1138 150 auant et ne auoit onques este

2402 2674 1152 132 oy, que a quelconque fẽme tant

2402 2760 1115 150 feuſt belle ou noble ne chaloit

2407 2846 1156 136 auoir en maladie ſeruice dõme

2407 2928 1129 154 iuẽne ou uieil, et ſans uergoi-

2407 3037 1133 127 gne ce ne chaloit plus couurir

2411 3114 1115 118 aucune partie de ſon corps ne

2416 3191 1165 127 que en la preſence de une fẽme

2393 3259 1192 163 , mais que la fẽme malade euſt

2411 3354 1138 154 ſeulement ſa necceſſite
¶ Et

2398 3440 1187 150 pour ce que les malades eſtoient

2420 3526 1165 141 ainſi relenquis oultre plꝰ ſẽſuiui

2411 3613 1070 145 la mort de pluſeurs, qui par

2434 3703 1142 141 auenture euſſent eſchappez ſilz

2429 3803 1152 145 euſſent eſte ſecourus et uiſitez

2407 3880 1138 258 Et pour ce tant par defaulte
