4080 5440
1604 204 467 317 Prologue

598 512 1156 226 de conuenables ſeruices que les

602 666 1179 136 malades ne pouoient auoir, cõe

598 748 1197 158 pour la force de lepidimie en ñre

602 838 1193 136 cite mouroit nuit et iour ſi gñt

612 933 1183 127 multitude dõmes et fẽmes que

612 1006 1092 154 eſbahiſſement eſtoit oyr dire

621 1106 1092 122 non pas ſeulement ueoir la

621 1169 1147 168 choſe, et cõme par necceſſite ad-

625 1273 1138 127 uindrent choſes contraires aux

625 1350 1138 132 anciennes couſtumes ent' ceulx

625 1441 1143 132 qui demouroient en uie · Et par

625 1514 1138 127 auant couſtume auoit eſte aĩſi

630 1613 1133 100 cõme maintenant nous pouons

607 1672 1156 136 ueoir, que les fẽmes parentes et

607 1777 1165 122 uoiſines ſaſſembloient en la mai

607 1858 1179 132 ſon du mort, et plouroient auec

621 1931 1183 131 celles qui plus leur aꝑꝑtenoient

621 2026 1160 109 Et daultre part auec les parens

625 2108 1161 113 et uoisins ſaſſembloient pluſeurs

621 2185 1147 122 citoiens ſelon leſtat du treſpaſſe

602 2275 1170 127 , et auſſi preſtres et clers tant ſe-

625 2357 1165 131 culiers cõme religieux · Et puis

625 2438 1133 141 le corps du treſpaſſe eſtoit porte

625 2538 1079 136 ſur eſpaules iuſques a legliſe

625 2593 1138 163 que le treſpaſſe auoit eſleue de-

634 2683 1075 150 uant ſa mort, et illec eſtoit la

625 2778 1161 141 pompe des funerailles de cire,

639 2846 1183 127 et des preſtres chantans ⁊ priãs

625 2946 1156 114 dieu pour lame du defunct la

612 3023 1088 127 preſent · Mais quant apres

625 3096 1165 122 aucun temps la cruaulte de celle

607 3182 1192 136 peſtilence cõmenca ſoy a croiſtre

630 3268 1178 122 toutes les honneurs et cerimonieᷤ

621 3363 1183 105 funeraux ceſſerent en tout ou en

630 3440 1169 123 la plus grant ꝑtie · Et en lieu de

625 3526 1156 105 de ces choſes ſuruindrent autres

634 3594 1174 136 nouuelles, car les gens mouroiẽt

648 3690 1156 131 non pas ſeulement ſans ce quilz

639 3762 1106 114 euſſent en tout eulx aucunes

616 3835 1165 145 fẽmes, mais pluſeurs partoient

634 3916 1192 141 de ceſte preſente uie ſans teſtamẽt

634 4007 1134 177 Et a trespou de gens mortes est'

1922 494 1192 208 rendus piteus regretz ne pleurs

1967 652 1174 136 ne larmes ameres de par leurs

1958 752 1160 132 parens et amis · Mais en lieu

1958 825 1170 136 de ces choſes preſques toꝰ uſoient

1962 906 1138 136 de ris et de ꝑoles uaines, et de

1972 983 1196 159 ſolacieuſe feſte, et les fẽmes pour

1962 1056 1156 163 la plus grant ꝑtie garderent

1967 1165 1179 136 treſbien ceste couſtume pour leur

1958 1246 1151 150 ſante garder ou delaiſſant la

1967 1328 1147 136 pitie feminine · Et auec ce pou

1944 1414 1215 145 de mors eſtoient adont, dont les

1972 1496 1160 131 corps feuſſent a compaignies de

1958 1591 1174 140 plus de dix ou xii · perſonnes en

1967 1663 1183 145 alant a legliſe · Et ces corps neſ

1976 1772 1142 118 toient mie portez par honneſtes

1972 1836 1196 126 citoiens ne par leurs chiers parẽs

1981 1944 1174 114 mais adont eſtoit une maniere

1972 2021 1142 118 de mercẽnaires ſuruenus nou-

1976 2098 1138 132 uellement qui enſeueliſſoient

1981 2171 1119 113 et portoient enterrer les mors
·

1985 2262 1106 118 Et ces mercẽnaires eſtoient at-

1976 2330 1120 127 trais de petite et pouure gens,

1985 2398 1161 158 et ſe faiſoient appeler les bechĩs

1990 2506 1097 123 qui pour ſalaire faiſoient aux

1985 2565 1206 136 malades et aux mors telz ſeruices

1949 2665 1183 141 , ilz ſe mettoient ſoubz les bieres

1976 2729 1220 158 des mors et a grans et haſtis pas

1985 2828 1215 150 ilz les portoient a la plꝰ prouchaĩe

1990 2919 1206 131 egliſe, et non mie a celle que le treſ

1976 3010 1229 122 paſſe auoit eſleue auant ſa mort
·

1985 3087 1133 131 Et apres aloient quatre ou ſix

1972 3155 1174 140 preſtres  auec pou de luminaire

1985 3245 1183 132 et aucunefois sans aucun cierge

1994 3322 1111 155 ne torche ¶ Et ces preſtres a

1981 3409 1160 145 laide des bechins ſans moult tra-

1990 3486 1133 154 ueillier en long office ou autre

1976 3590 1156 131 ſolennite mettoient le corps du

1990 3658 1124 195 mort en quelconque foſſe ou ſe-

1981 3730 1215 146 pulture quilz trouuoient ouuerte

1990 3817 1138 145 , mais le treſgrant regart eſtoit

1994 3894 1161 140 m̃lt plain de miſere et de pitie

1994 3984 1124 177 en la gent menue et en la plus
