4080 5440
974 607 1124 100 grant ꝑtie de la moyenne · Car

988 675 1165 122 la menue et moyenne gent cõme

956 766 1206 127 deſtituez deſperance, ⁊ conſtrains

988 856 1174 118 de pourete eſtoient encloz en ung

997 933 1138 127 iour iuſques au nombre de mil ·

988 1029 1210 104 Et pour ce quilz nestoient pas ſer-

988 1097 1233 131 uis ne uisitez en aucune chose nec-

997 1183 1165 118 cessaire ilz mouroient tous preſq̃s

983 1269 1215 145 sans reſchapper · Et pluſieurs mou-

988 1369 1124 113 roient nuit et iour ẽmy la rue

983 1446 1134 131 publique, et pluſeurs aussi mou-

988 1523 1174 113 roient en leur maiſons, et notifi-

1006 1600 1138 118 oient a leurs voiſins que princi-

974 1695 1143 104 palment ilz estoient mors par

997 1786 1120 104 la puanteur de leurs corps cor-

1001 1863 1129 118 rumpus ¶ Enu's ceulz cy et

1006 1958 1151 109 les autres mourans une meſme

1020 2030 1146 123 guiſe eſtoit plainement gardee

997 2121 1124 118 de par les voiſins, car eulx plus

1010 2203 1138 118 eſmeuz de paour afin que la cor

1010 2284 1134 118 ruption des charoignes ne les of-

1001 2366 1175 154 fendit plus que de charite quilz

1006 2452 1183 141 euſſent enuers les malades, les ſur-

1015 2556 1210 150 uiuans par eulx meſmes portoiẽt

997 2652 1160 131 hors des maiſons les mors Et

1015 2751 1179 132 a laide daucun porteur mercen-

1020 2828 1178 145 naire quant ilz le pouoiẽt auoir

1015 2910 1188 140 Et devant leurs huis ilz mettoiẽt

1024 3019 1147 140 les corps des treſpaſſez, et illec

1029 3114 1147 109 au matin qui feust alez par la

1024 3173 1070 136 cite il en eust peu veoir ſans

1024 3273 1174 127 nombre · Auec ce len apportoit ſar

1024 3350 1197 149 quieux, et par diſetes aucuns est'

1010 3431 1147 163 portez ſur ung ais et ny auoit

1029 3522 1196 145 aucun ſarquieu ou len ne meist

1038 3631 1101 131 deux ou trois corps enſemble,

1001 3685 1184 177 Et ceſte chose ne auint pat une

1020 3789 1233 177 fois, mais len peust trouuer maĩs

1029 3903 1196 140 et pluſeurs sarquieux esq̃lz boutez

1024 3966 1210 218 eſtoient le mary et la fem̃e, et deux

2330 539 1156 168 ou trois freres, ou le pere et le filz

2343 670 1125 123 Et ainsi des autres parens et

2348 752 1156 132 affins, si auint maintes fois

2348 829 1206 154 que quant deux pretres aloient

2352 929 1152 122 a une croix pour querir le corps

2357 1024 1151 109 daucun treſpaſſe, que apret ces

2352 1101 1170 141 deux preſtres venoient iii· ou iiii·

2361 1201 1156 127 sarquieux portez par varlez mer-

2375 1273 1133 123 cennaires, et quant les preſtres

2361 1373 1147 118 cuidoient enterrer ung ſeul corps

2357 1437 1219 145 il auenoit que six ou huit eſtoient

2375 1545 1147 114 a mettre en terre qui auec eulx

2375 1613 1165 132 nauoient ploreurs ne luminai-

2370 1718 1179 113 res ne pompe ne honneurs fune-

2375 1799 1106 109 raulx, mais ia la chose estoit a

2375 1890 1115 109 tant uenue que des hõmes et

2366 1976 1174 136 fem̃es qui mouroient il ne cha-

2366 2053 1160 136 loit ne que de chieures ou autres

2370 2135 1152 186 beſtes ¶ Par ceſtes choſes aꝑ-

2366 2230 1197 136 parut clerement que celle paciẽce

2375 2321 1147 122 que le naturel cours des choſes

2380 2411 1169 109 nauoit peu monstrer aux ſages

2384 2488 1147 127 hõmes en pou et petis meſchiefs

2384 2556 1165 136 et dom̃ages les hom̃es meſmem̃t

2370 2647 1220 145 ſimples aprindrent ꝑ experiẽce

2380 2733 1156 141 ceſte choſe, ceſt aſſavoir que lom̃e

2366 2833 1233 131 doit paſſer la grandeur des maulx

2384 2901 1197 145 auec pacience · Et aussi les hom̃es

2384 2992 1192 122 auſquelz il ne chaloit de la gñt

2389 3087 1183 131 multitude des mors quilz veoient

2366 3168 1160 127 porter en chaſcune eglise chaſcun

2370 3268 1161 122 iour, et preſques a toute heure

2380 3332 1142 149 de iour et nuit en tele maniere

2389 3413 1119 163 que la terre sainte ne ſouffiſoit

2370 3499 1152 168 pas aux ſepultures des mors,

2393 3594 1111 132 et meſmement qui eust uoulu

2375 3667 1129 172 donner a chaſcun corps propre

2393 3762 1138 150 lieu ou cimetiere ſelon lancieñe

2402 3853 1143 154 coustume ¶ Et pour ce q̃ chũn

2393 3966 1133 200 corps ne pouoit auoir ꝓpr lieu

2012 303 490 236 Preambule
