4080 5440
566 534 1202 182 a par ſoy len faiſoit es cimetieres

548 684 1179 132 des egliſes treslarges et
ꝓfondes

584 779 1138 114 foſſes
· Et apres ce que tous les

575 843 1215 131 ſepulcres eſtoient plains eſquelz

580 929 1133 122 len mettoit enſemble les corps

571 1029 1169 99 des mors qui ſuruenoient ius-

580 1092 1183 132 ques au nombre de cent, et eſt'

580 1178 1210 127 mis et couuers dun pou de terre

589 1264 1188 132 dedens celles foſſes, iuſques a ce

593 1355 1206 122 que elles eſtoient plaines iuſq̃au

602 1432 1134 118 som̃et, ainsi cõme len met les

598 1518 1151 132 fardeaulx es nefz ſur met, de

598 1618 1147 118 ſolier en ſolier iuſques a ce que

593 1686 1143 131 la nef ſoit du tout plaine,

598 1772 1106 113 Et afin que ie neuoise dedens

612 1872 1128 109 chaſcune particularite de noz

602 1949 1175 118 miſeres paſſees qui auindrent

607 2026 1097 109 en la cite de florence, ie dy que

602 2103 1152 127 durant le temps de celle epi-

589 2176 1115 140 dimie mauuaise en ñre cite

607 2271 1147 131 touteſuoies lepidimie neſꝑgna

607 2357 1079 118 mie moins les hom̃es  ne les

612 2420 1115 159 bestes ou dyoceſse de florence

607 2534 1156 118 ne du pays denuiron · Car en

607 2620 1129 118 delaiſſant a parler des chaſ-

612 2706 1142 127 teaux qui ſelon leur petiteſte

575 2778 1165 146 reſſemblent ñre cite en beaute

607 2883 1129 118 et en force, ie dy que par les

593 2955 1179 123 uillaiges reſpandus ca et la et

589 3055 1160 127 par les champs, les miſerables

602 3137 1107 122 et poures laboureux et leurs

602 3214 1143 122 meſgines ſans confort ne nul

607 3295 1147 123 aide de medicin ne daucun ſer

612 3381 1187 132 vant mouroient ſans diference,

602 3472 1161 127 non pas cõme hõmes mais cõe

612 3567 1146 118 beſtes, par uoyes par chemins

607 3653 1183 132 par coutures par maiſons iour

621 3740 1142 113 et nuit ¶ Et pour le deſeſ-

589 3812 1179 141 poir et eſbahiſſement de celle

612 3903 1183 118 mortalite les laboureurs en les

612 3980 1224 186 manieres et couſtumes deuindrẽt

1618 213 422 326 Proheme

1953 512 1197 199 mignots et diſſolus ſans chaloir

1917 666 1251 145 de choſes ne de beſoignes quelconq̃
·

1953 770 1211 109 Mais ainſi cõme ſe ils attendiſſẽt

1953 847 1193 118 mourir en ce iour que ilz uiuoiẽt

1958 933 1192 123 il ne leur chaloit aidier ne pour

1949 1024 1169 122 ueoir foins de leurs terres

1949 1092 1188 136 ne beſtes ne de leurs aut̃s laboura-

1953 1187 1211 114 ges, ains leur chaloit de degaſter

1958 1264 1219 123 les choſes quilz rencontroient, adõt

1953 1360 1193 136 ſelon leur force et engin, dont il

1949 1432 1219 122 auint que les buefs des uillages

1913 1509 1296 145 les aſnes les brebis chieures pour-

1953 1600 1156 136 ceaux les poulains et les chiens

1958 1700 1179 108 treſ loyaux a leurs maiſtres, ſail

1953 1777 1215 131 lirent hors de leurs propres mai

1962 1876 1211 109 ſons, et aloient ainſi cõme mieulx

1958 1949 1210 118 leur plaisoit par champs par prez

1944 2030 1224 123 par iardins dont les bledz, ⁊ aũts

1962 2117 1179 113 foins neſtoient encores recueillis

1967 2194 1192 118 ne ſaiez ainſi cõme ſe ilz feuſſẽt

1949 2280 1215 131 relenquis
· Et aucunes des beſtes

1967 2375 1174 118 dessus dc̃tes ainſi cõme ſe elles

1967 2443 1165 145 euſſent raiſon et ſentement,

1972 2538 1133 114 apres ce que elles eſtoient par

1972 2620 1174 140 iour repaiſſues et ſaoulez elles

1976 2710 1156 123 retournoient au ueſpre en leurs

1972 2783 1201 141 maiſons ſans regime et ſans cõ-

1967 2892 1147 118 duiement daucun bergier ne

1972 2964 1142 118 meneur ¶ Ie ne ſcay quoy

1972 3050 1151 123 ie puis plus dire en ceſſant de

1962 3146 1111 104 parler des peſtilences de ñre

1949 3209 1183 145 diocese, afin que ie retourne aux

1967 3304 1151 127 meſchiefz de ñre cite florence
·

1972 3400 1146 122 Mais ie dy que la cruaulte du

1972 3481 1156 127 ciel fu tele et ſi grant, et par

1972 3563 1183 122 auenture en la ꝑtie des hõmes

1958 3644 1151 114 que entre les mois de mars et

1962 3717 1179 145 iullet enſuiuant, pour la force

1967 3803 1170 136 de la peſtilencieuse mortalite

1976 3876 1147 131 et maladie, et ce q̃ plẜ

1985 3966 1152 200 malades cõme relenquis eſtoiẽt
