4080 5440
1613 226 427 277 Proheme

575 539 1197 190 a par ſoy len faiſoit es cimetieres

548 702 1174 132 des egliſes treſlarges et
ꝓfondes

580 775 1138 136 foſſes
· Et apres ce que tous les

571 847 1206 136 ſepulcres eſtoient plains eſquelz

575 933 1134 159 len mettoit enſemble les corps

566 1024 1170 118 des mors qui ſuruenoient iuſ-

575 1106 1183 131 ques au nombre de cent, et eſt'

580 1183 1206 145 mis et couuers dun pou de terre

589 1269 1183 136 dedens celles foſſes, iuſques a ce

589 1364 1206 118 que elles eſtoient plaines iuſq̃au

598 1450 1133 132 ſom̃et, ainſi cõme len met les

589 1518 1156 145 fardeaulx es nefz ſur met, de

589 1622 1151 132 ſolier en ſolier iuſques a ce que

584 1686 1147 136 la nef ſoit du tout plaine,

598 1768 1102 145 Et afin que ie ne uoiſe dedens

607 1867 1129 132 chaſcune particularite de noz

602 1949 1170 131 miſeres paſſees qui auindrent

607 2026 1093 131 en la cite de florence, ie dy que

607 2108 1142 131 durant le temps de celle epi-

589 2185 1111 136 dimie mauuaiſe en ñre cite

607 2289 1142 140 touteſuoies lepidimie neſꝑgna

607 2357 1074 149 mie moins les hom̃es ne les

607 2443 1115 145 beſtes ou dyoceſe de florence

602 2529 1156 141 ne du pays denuiron · Car en

607 2620 1124 122 delaiſſant a parler des chaſ-

612 2710 1137 127 teaux qui ſelon leur petiteſce

575 2783 1161 154 reſſemblent ñre cite en beaute

612 2887 1119 118 et en force, ie dy que par les

593 2969 1175 122 uillaiges reſpandus ca et la et

589 3055 1156 127 par les champs, les miſerables

607 3137 1097 122 et poures laboureux et leurs

607 3214 1133 131 meſgines ſans confort ne nul

612 3381 1137 64 aide de medicin ne daucun ſer

612 3386 1183 140 uant mouroient ſans diference,

607 3486 1151 131 non pas cõme hõmes mais cõe

612 3572 1142 127 beſtes, par uoyes par chemins

607 3658 1179 131 par coutures par maiſons iour

612 3730 1146 132 et nuit ¶ Et pour le deſeſ-

589 3821 1169 141 poir et eſbahiſſement de celle

612 3898 1178 141 mortalite les laboureurs en les

607 3984 1229 150 manieres et couſtumes deuindrẽt

1949 516 1197 222 mignots et diſſolus ſans chaloir

1922 675 1242 145 de choſes ne de beſoignes quelconq̃
·

1949 761 1215 150 Mais ainſi cõme ſe ils attendiſſẽt

1953 847 1188 136 mourir en ce iour que ilz uiuoiẽt

1953 938 1193 150 il ne leur chaloit aidier ne pour

1949 1029 1165 131 ueoir foins de leurs terres

1944 1124 1188 113 ne beſtes ne de leurs aut̃s laboura-

1953 1187 1206 136 ges, ains leur chaloit de degaſter

1949 1264 1224 145 les choſes quilz rencontroient, adõt

1935 1355 1206 145 ſelon leur force et engin, dont il

1944 1437 1220 131 auint que les buefs des uillages

1904 1514 1301 154 les aſnes les brebis chieures pour-

1958 1622 1147 127 ceaux les poulains et les chiens

1958 1695 1174 141 treſ loyaux a leurs maiſtres, ſail

1949 1781 1215 141 lirent hors de leurs propres mai

1953 1876 1215 150 ſons, et aloient ainſi cõme mieulx

1953 1940 1211 149 leur plaiſoit par champs par prez

1944 2035 1220 136 par iardins dont les bledz, ⁊ aũts

1953 2126 1184 131 foins neſtoient encores recueillis

1967 2198 1192 195 ne ſaiez ainſi cõme ſe ilz feuſſẽt

1940 2343 1219 64 relenquis
· Et aucunes des beſtes

1962 2380 1175 149 deſſus dc̃tes ainſi cõme ſe elles

1967 2452 1161 136 euſſent raiſon et ſentement,

1967 2543 1133 149 apres ce que elles eſtoient par

1967 2629 1174 131 iour repaiſſues et ſaoulez elles

1972 2715 1156 141 retournoient au ueſpre en leurs

1972 2788 1196 145 maiſons ſans regime et ſans cõ-

1967 2887 1142 136 duiement daucun bergier ne

1967 2964 1142 150 meneur ¶ Ie ne ſcay quoy

1972 3046 1146 136 ie puis plus dire en ceſſant de

1953 3137 1116 145 parler des peſtilences de ñre

1944 3218 1184 145 dioceſe, afin que ie retourne aux

1962 3300 1152 140 meſchiefz de ñre cite florence
·

1972 3404 1142 122 Mais ie dy que la cruaulte du

1967 3481 1161 127 ciel fu tele et ſi grant, et par

1967 3563 1183 127 auenture en la ꝑtie des hõmes

1962 3653 1143 123 que entre les mois de mars et

1953 3721 1184 141 iullet enſuiuant, pour la force

1967 3803 1165 150 de la peſtilencieuſe mortalite

1972 3880 1146 141 et maladie, et ce q̃ plẜ

1981 3962 1151 158 malades cõme relenquis eſtoiẽt

3536 213 45 131 6
