4080 5440
974 507 1202 222 malement pourueuz en leurs nec-

979 670 1242 150 ceſſitez pour la paour  que les hom̃es

965 761 1179 141 sains auoient, que plus de cent

965 843 1188 145 mil hõmes moururent entre les

970 942 1196 132 murs de florence ainſi cõme len

988 1010 1228 146 croit, et ſi ne cuidast len pas auãnt

988 1115 1178 113 celle motele auenture que tans

970 1196 1169 118 dom̃es euſſent eſte en ñre cite ·

974 1264 1165 141 O dieu quans nobles lignages

983 1346 1211 159 quans grans palais, quantes bel̃l

983 1446 1238 145 maiſons et habitations par auant

974 1532 1197 127 plaines de ſeigneurs dames et

988 1613 1160 141 meſgnies demourerent uuides,

988 1704 1160 154 ſans y remanoir grans ne petis

988 1781 1183 145 quelconque
· Quans tresgrans

992 1876 1206 145 heritages et richeſces furent ueues

983 1953 1188 136 ſans ſucceſſeur legitime, Quans

956 2040 1233 131 uaillans hõmes et belles femmes

1001 2130 1156 127 Quans gracieux iouuenceaux

997 2194 1197 167 leſquelz non pas ſeulement aucun

1006 2289 1215 149 autre hõme, mais ypocras,
⁊ gallien

1001 2375 1188 131 et eſculapius treſſouuerains me-

1001 2466 1211 131 dicins eussent iugie eſtre treſſains

1001 2534 1197 140 en corps, qui au matin diſsnoient

1006 2620 1197 149 auec leurs parens et compaignõs

1006 2724 1210 132 et amis, et apres le ſoir prouchain

997 2792 1156 136 uenant ilz ſouppoient en lautre

1010 2887 1170 136 monde auec les treſpassez ¶
